@misc{class_weights,
  title = {Public class weights},
  howpublished = {\url{https://www.kaggle.com/c/PLAsTiCC-2018/discussion/67194}},
  note = {Accessed: 18-11-2018}
}
@misc{flux_graph,
	title = {Strategies for Flux Time-Series Preprocessing},
	howpublished = {\url{https://www.kaggle.com/mithrillion/strategies-for-flux-time-series-preprocessing}},
	note = {Accessed: 12-11-2018}
}
@misc{wikibot,
	title = {pywikibot Wikipedia Python Package},
	howpublished = {\url{https://www.mediawiki.org/wiki/Manual:Pywikibot}},
	note = {Accessed: 12-11-2018}
}
@article{Thread,
	title={OpenMP versus threading in C/C++},
	author={Kuhn, Bob and Petersen, Paul and O'Toole, Eamonn},
	journal={Concurrency - Practice and Experience},
	volume={12},
	number={12},
	pages={1165--1176},
	year={2000}
}
@misc{W2VEx,
	title = {Word2Vec Tutorial},
	howpublished = {\url{http://mccormickml.com/2016/04/19/word2vec-tutorial-the-skip-gram-model/}},
	note = {Accessed: 12-11-2018}
}
@misc{W2VEx2,
	title = {Word2Vec Tutorial 2},
	howpublished = {\url{http://mccormickml.com/2017/01/11/word2vec-tutorial-part-2-negative-sampling/}},
	note = {Accessed: 12-11-2018}
}